%%   Ayrton's UG4 Dissertation Bibliography
% generated on:  18 Jan 2016,  16:27 GMT


% Disclaimer:   This bibliography has its
% own idiosyncrasies.   For example, all titles
% are enclosed in double braces, thus ensuring that capitalization
% is maintained.    Also: even unpublished papers will be
% called "article".


@Preamble{"\def\germ{\frak} \def\scr{\cal}
 \ifx\documentclass\undefinedcs
      \def\bf{\fam\bffam\tenbf}\def\rm{\fam0\tenrm}\fi
                          % f**k-amstex!
 \def\defaultdefine#1#2{\expandafter\ifx\csname#1\endcsname\relax
 \expandafter\def\csname#1\endcsname{#2}\fi}
 \defaultdefine{Bbb}{\bf}   \defaultdefine{frak}{\bf}
  \defaultdefine{=}{\B}   % doublef**k-amstex!!
  \defaultdefine{mathfrak}{\frak}
       \defaultdefine{mathbb}{\bf}
       \defaultdefine{mathcal}{\cal}
      \defaultdefine{beth}{BETH}\defaultdefine{cal}{\bf}
     \def\bbfI{{\Bbb I}}   \def\mbox{\hbox}  \def\text{\hbox}
   \def\om{\omega}    \def\Cal#1{{\bf #1}} \def\pcf{pcf}
       \defaultdefine{cf}{cf}
    \defaultdefine{reals}{{\Bbb R}} \defaultdefine{real}{{\Bbb R}}
   \def\restriction{{|}}  \def\club{CLUB}
   \def\w{\omega} \def\exist{\exists}
   \def\se{{\germ se}}     \def\bb{{\bf b}}
   \def\equivalence{\equiv}
   \let\lt<  \let\gt>
           "}

@article{TaintedFlow,
author = {Rimsa, A. and d'Amorim, M. and Pereira, F.},
journal = {International Conference on Compiler Construction},
title = {{Tainted Flow Analysis on e-SSA-form Programs}},
year = {2011},
},

@book{eac,
author = {Cooper, K. and Torczon, L.},
title = {{Engineering a Compiler}},
publisher = {Morgan Kaufmann Publishers},
edition = {2nd},
year = {2011},
},

@article{P2,
author = {Bloggs, J.},
ams-subject = {(02.50)},
journal = {Publisher Name},
review = {MR 40-7102},
pages = {187--202},
title = {{Publication Title}},
volume = {7},
year = {1969},
},

